<record><leader>00000cas a2200000 a 4500</leader><controlfield tag="001">10817392</controlfield><controlfield tag="008">840607d19231927ksuwr ne      0   a0eng d</controlfield><controlfield tag="009">3789</controlfield><datafield ind1=" " ind2=" " tag="010"><subfield code="a">sn 84029171 </subfield></datafield><datafield ind1=" " ind2=" " tag="040"><subfield code="a">KSH</subfield><subfield code="b">eng</subfield><subfield code="c">KSH</subfield><subfield code="d">NPT</subfield><subfield code="d">OCL</subfield></datafield><datafield ind1=" " ind2=" " tag="042"><subfield code="a">msc</subfield></datafield><datafield ind1="0" ind2=" " tag="130"><subfield code="a">Independent (Mulberry, Kan.)</subfield></datafield><datafield ind1="0" ind2="4" tag="245"><subfield code="a">The Independent.</subfield></datafield><datafield ind1=" " ind2=" " tag="260"><subfield code="a">Mulberry, Kan. :</subfield><subfield code="b">Crain &amp; Hill,</subfield><subfield code="c">1923-1927.</subfield></datafield><datafield ind1=" " ind2=" " tag="300"><subfield code="a">4 v. :</subfield><subfield code="b">ill. (chiefly advertisements) ;</subfield><subfield code="c">59 cm.</subfield></datafield><datafield ind1=" " ind2=" " tag="310"><subfield code="a">Weekly</subfield></datafield><datafield ind1="0" ind2=" " tag="362"><subfield code="a">Vol. 15, no. 41 (Sept. 7, 1923)-v. 19, no. 8 (Jan. 7, 1927).</subfield></datafield><datafield ind1=" " ind2=" " tag="500"><subfield code="a">Publisher varies.</subfield></datafield><datafield ind1=" " ind2=" " tag="515"><subfield code="a">Sept. 7, 1923 issue and Aug. 31, 1923 issue of Worker's chronicle both numbered v. 15, no. 41.</subfield></datafield><datafield ind1=" " ind2=" " tag="752"><subfield code="a">United States</subfield><subfield code="b">Kansas</subfield><subfield code="c">Crawford</subfield><subfield code="d">Mulberry.</subfield></datafield><datafield ind1="0" ind2="0" tag="780"><subfield code="t">Worker's chronicle</subfield><subfield code="w">(DLC)sn 84029259</subfield></datafield><datafield ind1="0" ind2="0" tag="785"><subfield code="t">Crawford news</subfield><subfield code="w">(DLC)sn 84029224</subfield></datafield></record>